<record><leader>00000cas a22000007a 4500</leader><controlfield tag="001">10448738</controlfield><controlfield tag="008">840223d19301986mtuwr ne      0   a0eng d</controlfield><datafield ind1=" " ind2=" " tag="010"><subfield code="a">sn 84009870 </subfield></datafield><datafield ind1=" " ind2=" " tag="040"><subfield code="a">NSD</subfield><subfield code="b">eng</subfield><subfield code="c">NSD</subfield><subfield code="d">MTL</subfield><subfield code="d">NSD</subfield><subfield code="d">OCLCQ</subfield></datafield><datafield ind1=" " ind2=" " tag="012"><subfield code="j">0</subfield><subfield code="l">1</subfield></datafield><datafield ind1="1" ind2=" " tag="022"><subfield code="a">0742-8294</subfield></datafield><datafield ind1=" " ind2=" " tag="042"><subfield code="a">nsdp</subfield><subfield code="a">msc</subfield></datafield><datafield ind1="0" ind2="0" tag="245"><subfield code="a">Roundup record-tribune.</subfield></datafield><datafield ind1=" " ind2=" " tag="260"><subfield code="a">Roundup, Mt. :</subfield><subfield code="b">A.W. Eiselein,</subfield><subfield code="c">1930-1986.</subfield></datafield><datafield ind1=" " ind2=" " tag="300"><subfield code="a">57 v. :</subfield><subfield code="b">ill. ;</subfield><subfield code="c">58 cm.</subfield></datafield><datafield ind1=" " ind2=" " tag="310"><subfield code="a">Weekly</subfield></datafield><datafield ind1="0" ind2=" " tag="362"><subfield code="a">22nd year, no. 43 (Jan. 3, 1930)-78th year, no. 40 (Jan. 1, 1986).</subfield></datafield><datafield ind1=" " ind2=" " tag="580"><subfield code="a">Formed by the union of: Roundup record, and: Roundup tribune.</subfield></datafield><datafield ind1=" " ind2=" " tag="580"><subfield code="a">Merged with: Winnett times, to form: Roundup record-tribune &amp; Winnett times.</subfield></datafield><datafield ind1=" " ind2=" " tag="752"><subfield code="a">United States</subfield><subfield code="b">Montana</subfield><subfield code="c">Musselshell</subfield><subfield code="d">Roundup.</subfield></datafield><datafield ind1="1" ind2="4" tag="780"><subfield code="t">Roundup record</subfield><subfield code="w">(DLC)sn 86075094</subfield></datafield><datafield ind1="1" ind2="4" tag="780"><subfield code="t">Roundup tribune</subfield><subfield code="w">(DLC)sn 86075095</subfield></datafield><datafield ind1="1" ind2="7" tag="785"><subfield code="t">Winnett times</subfield><subfield code="x">0746-5610</subfield><subfield code="w">(DLC)sn 83009928</subfield></datafield><datafield ind1="1" ind2="7" tag="785"><subfield code="t">Roundup record-tribune &amp; Winnett times</subfield><subfield code="x">0890-9660</subfield><subfield code="w">(DLC)sn 86075027</subfield></datafield></record>